@misc{Kingma2013autoecondingVariationalBayes,
    doi = {10.48550/ARXIV.1312.6114},
    url = {https://arxiv.org/abs/1312.6114},
    author = {Kingma, Diederik P and Welling, Max},
    keywords = {Machine Learning (stat.ML), Machine Learning (cs.LG), FOS: Computer and information sciences, FOS: Computer and information sciences},
    title = {Auto-Encoding Variational Bayes},
    publisher = {arXiv},
    year = {2013},
    copyright = {arXiv.org perpetual, non-exclusive license}
}

@inproceedings{Higgins2017betaVAELB,
    title={$\beta$-VAE: Learning Basic Visual Concepts with a Constrained Variational Framework},
    author={Irina Higgins and Lo{\"i}c Matthey and Arka Pal and Christopher P. Burgess and Xavier Glorot and Matthew M. Botvinick and Shakir Mohamed and Alexander Lerchner},
    booktitle={International Conference on Learning Representations},
    year={2017}
}

%NSynth
@misc{nsynth2017,
    Author = {Jesse Engel and Cinjon Resnick and Adam Roberts and
              Sander Dieleman and Douglas Eck and Karen Simonyan and
              Mohammad Norouzi},
    Title = {Neural Audio Synthesis of Musical Notes with WaveNet Autoencoders},
    Year = {2017},
    Eprint = {arXiv:1704.01279},
}

%tifresi
@inproceedings{marafioti2019adversarial,
  title={Adversarial Generation of Time-Frequency Features with application in audio synthesis},
  author={Marafioti, Andr{\'e}s and Perraudin, Nathana{\"e}l and Holighaus, Nicki and Majdak, Piotr},
  booktitle={International Conference on Machine Learning},
  pages={4352--4362},
  year={2019}
}

%tifresi
@article{pruuvsa2017noniterative,
  title={A noniterative method for reconstruction of phase from STFT magnitude},
  author={Pr{\uu}{\v{s}}a, Zden{\v{e}}k and Balazs, Peter and S{\o}ndergaard, Peter Lempel},
  journal={IEEE/ACM Transactions on Audio, Speech, and Language Processing},
  volume={25},
  number={5},
  pages={1154--1164},
  year={2017},
  publisher={IEEE}
}
